{"sym":"XXBTZUSD", "T":"Trade",  "P":6538.8, "Q":1, "TS":1538409739.0962, "side": "s", "TS2":1538409748332169137}
{"sym":"XXBTZUSD", "T":"Trade",  "P":6538.2, "Q":0.498558, "TS":1538409739.1111, "side": "s", "TS2":1538409748332223252}
{"sym":"XXBTZUSD", "T":"Trade",  "P":6537.9, "Q":3.058, "TS":1538409739.1144, "side": "s", "TS2":1538409748332270624}
{"sym":"XXBTZUSD", "T":"Trade",  "P":6537.7, "Q":0.443441, "TS":1538409739.1173, "side": "s", "TS2":1538409748332315018}
{"sym":"XXBTZUSD", "T":"Trade",  "P":6537.7, "Q":4.2e-07, "TS":1538409739.1207, "side": "s", "TS2":1538409748332359262}
{"sym":"XXBTZUSD", "T":"Trade",  "P":6537.7, "Q":0.556558, "TS":1538409749.2599, "side": "s", "TS2":1538409768683688185}
{"sym":"XXBTZUSD", "T":"Trade",  "P":6537.6, "Q":3.057, "TS":1538409749.2705, "side": "s", "TS2":1538409768683741023}
{"sym":"XXBTZUSD", "T":"Trade",  "P":6537.4, "Q":1.38644, "TS":1538409749.2755, "side": "s", "TS2":1538409768683788091}
{"sym":"XXBTZUSD", "T":"Trade",  "P":6537.4, "Q":4.2e-07, "TS":1538409749.2809, "side": "s", "TS2":1538409768683832846}
{"sym":"XXBTZUSD", "T":"Trade",  "P":6538.2, "Q":0.025, "TS":1538409792.3911, "side": "b", "TS2":1538409812609091281}
{"sym":"XXBTZUSD", "T":"Trade",  "P":6539.7, "Q":0.318, "TS":1538409792.4137, "side": "b", "TS2":1538409812609145099}
{"sym":"XXBTZUSD", "T":"Trade",  "P":6538.9, "Q":0.025, "TS":1538409806.8025, "side": "s", "TS2":1538409812609192067}
{"sym":"XXBTZUSD", "T":"Trade",  "P":6538.9, "Q":0.025, "TS":1538409809.408, "side": "s", "TS2":1538409812609236564}
{"sym":"XXBTZUSD", "T":"Trade",  "P":6538.9, "Q":0.025, "TS":1538409811.0931, "side": "s", "TS2":1538409812609280845}
{"sym":"XXBTZUSD", "T":"Trade",  "P":6538.9, "Q":0.025, "TS":1538409813.2772, "side": "s", "TS2":1538409832399454986}
{"sym":"XXBTZUSD", "T":"Trade",  "P":6535, "Q":0.58, "TS":1538409889.2889, "side": "s", "TS2":1538409891953343299}
{"sym":"XETHZUSD", "T":"Trade",  "P":226.83, "Q":0.5, "TS":1538409797.8828, "side": "b", "TS2":1538409808598307598}
{"sym":"XETHZUSD", "T":"Trade",  "P":226.57, "Q":0.11, "TS":1538409800.4251, "side": "s", "TS2":1538409808598360909}
{"sym":"XETHZUSD", "T":"Trade",  "P":226.55, "Q":5, "TS":1538409804.2248, "side": "s", "TS2":1538409808598408098}
{"sym":"XETHZUSD", "T":"Trade",  "P":226.55, "Q":5, "TS":1538409804.2298, "side": "s", "TS2":1538409808598452113}
{"sym":"XETHZUSD", "T":"Trade",  "P":226.53, "Q":0.2, "TS":1538409804.2331, "side": "s", "TS2":1538409808598495417}
{"sym":"XETHZUSD", "T":"Trade",  "P":226.52, "Q":5, "TS":1538409804.2359, "side": "s", "TS2":1538409808598539250}
{"sym":"XETHZUSD", "T":"Trade",  "P":226.52, "Q":5, "TS":1538409804.2385, "side": "s", "TS2":1538409808598582611}
{"sym":"XETHZUSD", "T":"Trade",  "P":226.47, "Q":3, "TS":1538409804.2422, "side": "s", "TS2":1538409808598625557}
{"sym":"XETHZUSD", "T":"Trade",  "P":226.46, "Q":0.024, "TS":1538409804.2455, "side": "s", "TS2":1538409808598669482}
{"sym":"XETHZUSD", "T":"Trade",  "P":226.3, "Q":26.776, "TS":1538409804.2488, "side": "s", "TS2":1538409808598713853}

